@inproceedings{Jones:2014:RME:2642918.2647383,
 author = {Jones, Brett and Sodhi, Rajinder and Murdock, Michael and Mehra, Ravish and Benko, Hrvoje and Wilson, Andrew and Ofek, Eyal and MacIntyre, Blair and Raghuvanshi, Nikunj and Shapira, Lior},
 title = {RoomAlive: Magical Experiences Enabled by Scalable, Adaptive Projector-camera Units},
 booktitle = {Proceedings of the 27th Annual ACM Symposium on User Interface Software and Technology},
 series = {UIST '14},
 year = {2014},
 isbn = {978-1-4503-3069-5},
 location = {Honolulu, Hawaii, USA},
 pages = {637--644},
 numpages = {8},
 url = {http://doi.acm.org/10.1145/2642918.2647383},
 doi = {10.1145/2642918.2647383},
 acmid = {2647383},
 publisher = {ACM},
 address = {New York, NY, USA},
 keywords = {projection mapping, projector-camera system, spatial augmented reality},
}

@misc{cuda,
  added-at = {2011-05-06T13:22:35.000+0200},
  author = {{NVIDIA Corporation}},
  biburl = {https://www.bibsonomy.org/bibtex/2e90a6474d85eac083c921cf5be29f6ef/toevanen},
  interhash = {b29ebbf94430d6d1720b5562b86f6a32},
  intrahash = {e90a6474d85eac083c921cf5be29f6ef},
  keywords = {CUDA},
  note = {Version 3.2},
  timestamp = {2011-05-06T13:36:56.000+0200},
  title = {{NVIDIA CUDA C} Programming Guide},
  year = 2010,
}

@inproceedings{milgram1995augmented,
  title={Augmented reality: A class of displays on the reality-virtuality continuum},
  author={Milgram, Paul and Takemura, Haruo and Utsumi, Akira and Kishino, Fumio},
  booktitle={Telemanipulator and telepresence technologies},
  volume={2351},
  pages={282--293},
  year={1995},
  organization={International Society for Optics and Photonics},
}

@misc{reactable,
  author = {Reactable},
  title = {Reactable Experience - Music Knowledge Technology},
  note = {Last accessed 27 July 2018},
  howpublished = {\url{http://reactable.com/}},
}

@misc{sonicpi,
  author = {Sam Aaron},
  title = {Sonic Pi - The Live Coding Music Synth for Everyone},
  note = {Last accessed 27 July 2018},
  howpublished = {\url{https://sonic-pi.net/}},
}

@article{Canny86acomputational,
    author = {John Canny},
    title = {A computational approach to edge detection},
    journal = {IEEE TRANSACTIONS ON PATTERN ANALYSIS AND MACHINE INTELLIGENCE},
    year = {1986},
}

@article{hough,
  title={Use of the Hough transformation to detect lines and curves in pictures},
  author={Duda, Richard O and Hart, Peter E},
  journal={Communications of the ACM},
  volume={15},
  number={1},
  pages={11--15},
  year={1972},
  publisher={ACM},
}

@misc{Unity,
  author = {Unity Technologies},
  title = {Unity},
  note = {Last accessed 25 August 2018},
  howpublished = {\url{https://unity3d.com/}},
}

@misc{opengles,
  author = {Khronos Group},
  title = {OpenGL ES},
  note = {Last accessed 28 July 2018},
  howpublished = {\url{https://www.khronos.org/opengles/}},
}

@misc{opencl,
  author = {Khronos Group},
  title = {OpenCL Overview},
  note = {Last accessed 28 July 2018},
  howpublished = {\url{https://www.khronos.org/opencl/}},
}

@article{podlozhnyuk2007image,
  title={Image convolution with CUDA},
  author={Podlozhnyuk, Victor},
  journal={NVIDIA Corporation white paper, June},
  volume={2097},
  number={3},
  year={2007},
}

@misc{gstreamer,
  author = {GStreamer},
  title = {GStreamer},
  note = {Last accessed 13 August 2018},
  howpublished = {\url{https://gstreamer.freedesktop.org/}},
}

@misc{redis,
  author = {RedisLab},
  title = {Redis},
  note = {Last accessed 15 August 2018},
  howpublished = {\url{https://redis.io/}},
}

@misc{eye,
  author = {Kostya},
  title = {Eye},
  note = {Last accessed 15 August 2018},
  howpublished = {\url{https://github.com/kostya/eye}},
}

@misc{rubyrails,
  author = {David Heinemeier Hansson},
  title = {Ruby on Rails},
  note = {Last accessed 15 August 2018},
  howpublished = {\url{https://rubyonrails.org/}},
}

@article{dmitry2014micro,
  title={On micro-services architecture},
  author={Dmitry, Namiot and Manfred, Sneps-Sneppe},
  journal={International Journal of Open Information Technologies},
  volume={2},
  number={9},
  year={2014},
  publisher={Лаборатория Открытых Информационных Технологий факультета ВМК МГУ им. МВ Ломоносова}
}

@inproceedings{bimber2006modern,
  title={Modern approaches to augmented reality},
  author={Bimber, Oliver and Raskar, Ramesh},
  booktitle={ACM SIGGRAPH 2006 Courses},
  pages={1},
  year={2006},
  organization={ACM}
}

@article{li2017state,
  title={A State-of-the-Art Review of Augmented Reality in Engineering Analysis and Simulation},
  author={Li, Wenkai and Nee, AYC and Ong, SK},
  journal={Multimodal Technologies and Interaction},
  volume={1},
  number={3},
  pages={17},
  year={2017},
  publisher={Multidisciplinary Digital Publishing Institute}
}

@inproceedings{laviole2012papart,
  title={PapARt: interactive 3D graphics and multi-touch augmented paper for artistic creation},
  author={Laviole, J{\'e}r{\'e}my and Hachet, Martin},
  booktitle={3D User Interfaces (3DUI), 2012 IEEE Symposium on},
  pages={3--6},
  year={2012},
  organization={IEEE}
}

@article{ishii2008tangible,
  title={The tangible user interface and its evolution},
  author={Ishii, Hiroshi},
  journal={Communications of the ACM},
  volume={51},
  number={6},
  pages={32--36},
  year={2008},
  publisher={ACM}
}

@book{bimber2005spatial,
  title={Spatial augmented reality: merging real and virtual worlds},
  author={Bimber, Oliver and Raskar, Ramesh},
  year={2005},
  publisher={AK Peters/CRC Press}
}

@book{ohta2014mixed,
  title={Mixed reality: merging real and virtual worlds},
  author={Ohta, Yuichi and Tamura, Hideyuki},
  year={2014},
  publisher={Springer Publishing Company, Incorporated}
}

@book{sanders2010cuda,
  title={CUDA by example: an introduction to general-purpose GPU programming},
  author={Sanders, Jason and Kandrot, Edward},
  year={2010},
  publisher={Addison-Wesley Professional}
}
